% Bibliography file  

% Master thesis
% Sven Jacobs
% Winter 2022, M.Sc. Economics, Bonn University
% Supervisor: Prof. Dr. Dominik Liebl


% Papers

@article{Angrist_1999,
	author = {Angrist, J. and Lavy, V.},
	year = {1999},
	title = {Using Maimonides' rule to estimate the effect of class size on scholastic achievement},
	journaltitle = {The Quarterly Journal of Economics},
	volume = {114},
	number = {2},
	pages = {533--575}
}

@article{Angrist_2015,
	author = {Angrist, J. and Rokkanen, M.},
	year = {2015},
	title = {Wanna get away? Regression discontinuity estimation of exam school effects away from the cutoff},
	journaltitle = {Journal of the American Statistical Association},
	volume = {110},
	number = {512},
	pages = {1331--1344}
}

@article{Armstrong_2018,
	author = {Armstrong, T. and Kolesár, M.},
	year = {2018},
	title = {Optimal inference in a class of regression models},
	journaltitle = {Econometrica},
	volume = {86},
	number = {2},
	pages = {655--683}
}

@article{Armstrong_2020,
	author = {Armstrong, T. and Kolesár, M.},
	year = {2020},
	title = {Simple and honest confidence intervals in nonparametric regression},
	journaltitle = {Quantitative Economics},
	volume = {11},
	number = {1},
	pages = {1--39}
}

@article{Barreca_2011,
	author = {Barreca, A. and Guldi, M. and Lindo, J. and Waddell G.},
	year = {2011},
	title = {Saving babies? Revisiting the effect of very low birth weight classification},
	journaltitle = {The Quarterly Journal of Economics},
	volume = {126},
	number = {4},
	pages = {2117--2123}
}

@article{Bertanha_2020,
	author = {Bertanha, M. and Imbens, G.},
	year = {2020},
	title = {External validity in fuzzy regression discontinuity designs},
	journaltitle = {Journal of Business \& Economic Statistics},
	volume = {38},
	number = {3},
	pages = {593--612}
}

@article{Black_1999,
	author = {Black, S.},
	year = {1999},
	title = {Do better schools matter? Parental valuation of elementary education},
	journaltitle = {The Quarterly Journal of Economics},
	volume = {114},
	number = {2},
	pages = {577--599}
}

@article{Calonico_2014,
	author = {Calonico, S. and Cattaneo, M. and Titiunik, R.},
	year = {2014},
	title = {Robust nonparametric confidence intervals for regression-discontinuity designs},
	journaltitle = {Econometrica},
	volume = {82},
	number = {6},
	pages = {2295--2326}
}

@article{Calonico_2015a,
	author = {Calonico, S. and Cattaneo, M. and Titiunik, R.},
	year = {2015},
	title = {Optimal data-driven regression discontinuity plots},
	journaltitle = {Journal of the American Statistical Association},
	volume = {110},
	number = {512},
	pages = {1753--1769}
}

@article{Calonico_2015b,
	author = {Calonico, S. and Cattaneo, M. and Titiunik, R.},
	year = {2015},
	title = {rdrobust: An R package for robust nonparametric inference in regression-discontinuity designs},
	journaltitle = {The R Journal},
	volume = {7},
	number = {1},
	pages = {38--51}
}

@article{Calonico_2018,
	author = {Calonico, S. and Cattaneo, M. and Farrell, M.},
	year = {2018},
	title = {On the effect of bias estimation on coverage accuracy in nonparametric inference},
	journaltitle = {Journal of the American Statistical Association},
	volume = {113},
	number = {522},
	pages = {767--779}
}

@article{Calonico_2019,
	author = {Calonico, S. and Cattaneo, M. and Farrell, M. and Titiunik, R.},
	year = {2019},
	title = {Regression discontinuity designs using covariates},
	journaltitle = {The Review of Economics and Statistics},
	volume = {101},
	number = {3},
	pages = {442--451}
}

@article{Calonico_2020,
	author = {Calonico, S. and Cattaneo, M. and Farrell, M.},
	year = {2020},
	title = {Optimal bandwidth choice for robust bias-corrected inference in regression discontinuity designs},
	journaltitle = {The Econometrics Journal},
	volume = {23},
	number = {2},
	pages = {192--210}
}

@article{Calonico_2022,
	author = {Calonico, S. and Cattaneo, M. and Farrell, M.},
	year = {2022},
	title = {Coverage error optimal confidence intervals for local polynomial regression},
	journaltitle = {Bernoulli},
	volume = {28},
	number = {4},
	pages = {2998--3022}
}

@article{Cattaneo_2016,
	author = {Cattaneo, M. and Keele, L. and Titiunik, R. and Vazquez-Bare, G.},
	year = {2016},
	title = {Interpreting regression discontinuity designs with multiple cutoffs},
	journaltitle = {The Journal of Politics},
	volume = {78},
	number = {4},
	pages = {1229--1248}
}

@article{Cattaneo_2020,
	author = {Cattaneo, M. and Jansson, M. and Ma, X.},
	year = {2020},
	title = {Simple local polynomial density estimators},
	journaltitle = {Journal of the American Statistical Association},
	volume = {115},
	number = {531},
	pages = {1449--1455}
}

@article{Cattaneo_2022,
	author = {Cattaneo, M. and Titiunik, R.},
	year = {2022},
	title = {Regression discontinuity designs},
	journaltitle = {Annual Review of Economics},
	volume = {14},
	pages = {821--851}
}

@article{Cheng_1997,
	author = {Cheng, M.-Y. and Fan, J. and Marron, J.},
	year = {1997},
	title = {On automatic boundary corrections},
	journaltitle = {The Annals of Statistics},
	volume = {25},
	number = {4},
	pages = {1691--1708}
}

@article{Cook_2008,
	author = {Cook, T.},
	year = {2008},
	title = {\enquote{Waiting for life to arrive}: A history of the regression-discontinuity design in psychology, statistics and economics},
	journaltitle = {Journal of Econometrics},
	volume = {142},
	number = {2},
	pages = {636--654}
}

@article{Fan_1992,
	author = {Fan, J.},
	year = {1992},
	title = {Design-adaptive nonparametric regression},
	journaltitle = {Journal of the American Statistical Association},
	volume = {87},
	number = {420},
	pages = {998--1004}
}

@article{Gelman_2019,
	author = {Gelman, A. and Imbens, G.},
	year = {2019},
	title = {Why high-order polynomials should not be used in regression discontinuity designs},
	journaltitle = {Journal of Business \& Economic Statistics},
	volume = {37},
	number = {3},
	pages = {447--456}
}

@article{Hahn_2001,
	author = {Hahn, J. and Todd, P. and Van der Klaauw, W.},
	year = {2001},
	title = {Identification and estimation of treatment effects with a regression-discontinuity design},
	journaltitle = {Econometrica},
	volume = {69},
	number = {1},
	pages = {201--209}
}

@article{Hall_1992,
	author = {Hall, P.},
	year = {1992},
	title = {Effect of bias estimation on coverage accuracy of bootstrap confidence intervals for a probability density},
	journaltitle = {The Annals of Statistics},
	volume = {20},
	number = {2},
	pages = {675--694}
}

@article{Imbens_2008,
	author = {Imbens, G. and Lemieux, T.},
	year = {2008},
	title = {Regression discontinuity designs: A guide to practice},
	journaltitle = {Journal of Econometrics},
	volume = {142},
	number = {2},
	pages = {615--635}
}

@article{Imbens_2012,
	author = {Imbens, G. and Kalyanaraman, K.},
	year = {2012},
	title = {Optimal bandwidth choice for the regression discontinuity estimator},
	journaltitle = {The Review of Economic Studies},
	volume = {79},
	number = {3},
	pages = {933--959}
}

@article{Kamat_2018,
	author = {Kamat, V.},
	year = {2018},
	title = {On nonparametric inference in the regression discontinuity design},
	journaltitle = {Econometric Theory},
	volume = {34},
	number = {3},
	pages = {694--703}
}

@article{Kolesar_2018,
	author = {Kolesár, M. and Rothe, C.},
	year = {2018},
	title = {Inference in regression discontinuity designs with a discrete running variable},
	journaltitle = {American Economic Review},
	volume = {108},
	number = {8},
	pages = {2277--2304}
}

@article{Lee_2008,
	author = {Lee, D.},
	year = {2008},
	title = {Randomized experiments from non-random selection in U.S. House elections},
	journaltitle = {Journal of Econometrics},
	volume = {142},
	number = {2},
	pages = {675--697}
}

@article{Lee_2010,
	author = {Lee, D. and Lemieux, T.},
	year = {2010},
	title = {Regression discontinuity designs in economics},
	journaltitle = {Journal of Economic Literature},
	volume = {48},
	number = {2},
	pages = {281--355}
}

@article{Li_1987,
	author = {Li, K.-C.},
	year = {1987},
	title = {Asymptotic optimality for $C_p$, $C_L$, cross-validation and generalized cross-validation: Discrete index set},
	journaltitle = {The Annals of Statistics},
	volume = {15},
	number = {3},
	pages = {958--975}
}

@article{Ludwig_2007,
	author = {Ludwig, J. and Miller, D.},
	year = {2007},
	title = {Does Head Start improve children's life chances? Evidence from a regression discontinuity design},
	journaltitle = {The Quarterly Journal of Economics},
	volume = {122},
	number = {1},
	pages = {159--208}
}

@article{McCrary_2008,
	author = {McCrary, J.},
	year = {2008},
	title = {Manipulation of the running variable in the regression discontinuity design: A density test},
	journaltitle = {Journal of Econometrics},
	volume = {142},
	number = {2},
	pages = {698--714}
}

@article{Noack_2023,
	author = {Noack, C. and Rothe, C.},
	year = {2023},
	title = {Bias-aware inference in fuzzy regression discontinuity designs},
	journaltitle = {Econometrica},
	addendum = {Forthcoming}
}

@article{Papay_2011,
	author = {Papay, J. and Willett, J. and Murnane, R.},
	year = {2011},
	title = {Extending the regression-discontinuity approach to multiple assignment variables},
	journaltitle = {Journal of Econometrics},
	volume = {161},
	number = {2},
	pages = {203--207}
}

@article{Pei_2022,
	author = {Pei, Z. and Lee, D. and Card, D. and Weber, A.},
	year = {2022},
	title = {Local polynomial order in regression discontinuity designs},
	journaltitle = {Journal of Business \& Economic Statistics},
	volume = {40},
	number = {3},
	pages = {1259--1267}
}

@article{Porter_2003,
	author = {Porter, J.},
	year = {2003},
	title = {Estimation in the regression discontinuity model},
	url = {www.ssc.wisc.edu/~jrporter/reg_discont_2003.pdf},
	addendum = {Unpublished}
}

@article{Rubin_2005,
	author = {Rubin, D.},
	year = {2005},
	title = {Causal inference using potential outcomes: Design, modeling, decisions},
	journaltitle = {Journal of the American Statistical Association},
	volume = {100},
	number = {469},
	pages = {322--331}
}

@article{Thistlethwaite_1960,
	author = {Thistlethwaite, D. and Campbell, D.},
	year = {1960},
	title = {Regression-discontinuity analysis: An alternative to the ex post facto experiment},
	journaltitle = {Journal of Educational Psychology},
	volume = {51},
	number = {6},
	pages = {309--317}
}

% Books

@book{Cattaneo_2020_book,
	author = {Cattaneo, M. and Idrobo, N. and Titiunik, R.},
	year = {2020},
	title = {A Practical Introduction to Regression Discontinuity Designs: Foundations},
	series = {Elements in Quantitative and Computational Methods for the Social Sciences},
	publisher = {Cambridge University Press},
	location = {Cambridge}
}

@book{Fan_1996,
	author = {Fan, J. and Gijbels, I.},
	year = {1996},
	title = {Local Polynomial Modelling and its Applications},
	series = {Monographs on Statistics and Applied Probability},
	number = {66},
	publisher = {Chapman \& Hall/CRC},
	location = {Boca Raton}
}

@book{Hansen_2022,
	author = {Hansen, B.},
	year = {2022},
	title = {Econometrics},
	publisher = {Princeton University Press},
	location = {New Jersey}
}

@book{Rosenbaum_2002,
	author = {Rosenbaum, P.},
	year = {2002},
	title = {Observational Studies},
	publisher = {Springer},
	location = {New York}
}

% Book chapters

@incollection{Bartalotti_2017a,
	author = {Bartalotti, O. and Brummet, Q.},
	year = {2017},
	title = {Regression discontinuity designs with clustered data},
	booktitle = {Regression Discontinuity Designs: Theory and Applications},
	series = {Advances in Econometrics},
	number = {38},
	editor = {Cattaneo, M. and Escanciano, J.},
	pages = {383--420},
	publisher = {Emerald Group Publishing},
	location = {Bingley}
}

@incollection{Bartalotti_2017b,
	author = {Bartalotti, O. and Calhoun, G. and He, Y.},
	year = {2017},
	title = {Bootstrap confidence intervals for sharp regression discontinuity designs},
	booktitle = {Regression Discontinuity Designs: Theory and Applications},
	series = {Advances in Econometrics},
	number = {38},
	editor = {Cattaneo, M. and Escanciano, J.},
	pages = {421--453},
	publisher = {Emerald Group Publishing},
	location = {Bingley}
}

@incollection{Sekhon_2017,
	author = {Sekhon, J. and Titiunik, R.},
	year = {2017},
	title = {On interpreting the regression discontinuity design as a local experiment},
	booktitle = {Regression Discontinuity Designs: Theory and Applications},
	series = {Advances in Econometrics},
	number = {38},
	editor = {Cattaneo, M. and Escanciano, J.},
	pages = {1--28},
	publisher = {Emerald Group Publishing},
	location = {Bingley}
}

% Software

@misc{R_2023,
    author = {R Core Team, {}},
	year = {2023},
	title = {R: A language and environment for statistical computing},
	location = {Vienna},
	organization = {R Foundation for Statistical Computing}
}